<?xml version="1.0" encoding="UTF-8"?><record xmlns="http://www.loc.gov/MARC21/slim" xmlns:cinclude="http://apache.org/cocoon/include/1.0" xmlns:zs="http://www.loc.gov/zing/srw/">
  <leader>00613nz  a2200157n  4500</leader>
  <controlfield tag="001">no2010067898</controlfield>
  <controlfield tag="003">DLC</controlfield>
  <controlfield tag="005">20100425075129.0</controlfield>
  <controlfield tag="008">100423n| acannaabn          |a ana     c</controlfield>
  <datafield tag="010" ind1=" " ind2=" ">
    <subfield code="a">no2010067898</subfield>
  </datafield>
  <datafield tag="035" ind1=" " ind2=" ">
    <subfield code="a">(OCoLC)oca08472496</subfield>
  </datafield>
  <datafield tag="040" ind1=" " ind2=" ">
    <subfield code="a">MH-AH</subfield>
    <subfield code="b">eng</subfield>
    <subfield code="c">MH-AH</subfield>
  </datafield>
  <datafield tag="110" ind1="2" ind2=" ">
    <subfield code="a">Barnard Memorial (Boston, Mass.).</subfield>
    <subfield code="b">Corporation</subfield>
  </datafield>
  <datafield tag="510" ind1="2" ind2=" ">
    <subfield code="w">a</subfield>
    <subfield code="a">Warren Street Chapel (Boston, Mass.).</subfield>
    <subfield code="b">Corporation</subfield>
  </datafield>
  <datafield tag="670" ind1=" " ind2=" ">
    <subfield code="a">Proceedings and reports, fifty-fourth annual meeting of the Corporation of Barnard Memorial, 1890.</subfield>
  </datafield>
  <datafield tag="675" ind1=" " ind2=" ">
    <subfield code="a">Proceedings and reports, fifty-third annual meeting of the Corporation of Warren Street Chapel, 1889.</subfield>
  </datafield>
</record>